@article{陈燕2006关于南京非物质文化遗产的保护与经营刍议,
  title={关于南京非物质文化遗产的保护与经营刍议},
  author={陈燕 and 喻学才},
  journal={东南大学学报(哲学社会科学版)},
  number={s2},
  pages={107-109},
  year={2006},
}

@misc{
保护传统文化和民俗的建议,
author = {},
title = {保护传统文化和民俗的建议},
howpublished = {\url{http://www.ihchina.cn/3/10356.html}}
}

@misc{
宣布人类口头和非物质遗产代表作条例,
author = {},
title = {宣布人类口头和非物质遗产代表作条例},
howpublished = {\url{http://www.ihchina.cn/3/10357.html}}
}

@misc{
保护非物质文化遗产公约（2003）,
author = {},
title = {保护非物质文化遗产公约（2003）},
howpublished = {\url{http://www.ihchina.cn/3/18945.html}}
}

@misc{
关于实施中国民族民间文化保护工程的通知,
author = {},
title = {关于实施中国民族民间文化保护工程的通知},
howpublished = {\url{http://www.ihchina.cn/3/10315.html}}
}

@misc{
国务院办公厅关于加强我国非物质文化遗产保护工作的意见,
author = {},
title = {国务院办公厅关于加强我国非物质文化遗产保护工作的意见},
howpublished = {\url{http://www.ihchina.cn/3/10316.html}}
}

@misc{
中华人民共和国非物质文化遗产法,
author = {},
title = {中华人民共和国非物质文化遗产法},
howpublished = {\url{http://www.gov.cn/flfg/2011-02/25/content_1857449.htm}}
}
